@Unpublished{mitch,
  Author = {Cherniack, Mitch},
  Institution = {Brandeis University},
  Howpublished = {University Lecture},
  Year = {2014},
  Title = {Introduction to Database Systems}
}

@inproceedings{raman2001potter,
  title={Potter's wheel: An interactive data cleaning system},
  author={Raman, Vijayshankar and Hellerstein, Joseph M},
  booktitle={VLDB},
  volume={1},
  pages={381--390},
  year={2001}
}

@inproceedings{2011-wrangler,
  title = {Wrangler: Interactive Visual Specification of Data Transformation Scripts},
  author = {Sean Kandel AND Andreas Paepcke AND Joseph Hellerstein AND Jeffrey Heer},
  booktitle = {ACM Human Factors in Computing Systems (CHI)},
  year = {2011},
  url = {http://vis.stanford.edu/papers/wrangler}
}

@online{Refine,
  author = {Google},
  title = {Open Refine},
  year = 2012,
  url = {http://openrefine.org},
  urldate = {2014-10-6}
}

@online{wrangler-web,
  author = {The Stanford Visualization Group},
  title = {Data Wrangler},
  year = 2013,
  url = {http://vis.stanford.edu/wrangler/},
  urldate = {2014-10-6}
}

